<mx:record xmlns="http://www.w3.org/TR/xhtml1/strict" xmlns:mx="http://www.loc.gov/MARC21/slim" xmlns:xsi="http://www.w3.org/2001/XMLSchema-instance"><mx:leader>00000cz   2200000n  4500</mx:leader><mx:controlfield tag="001">oca04189142 </mx:controlfield><mx:controlfield tag="005">19980109053147.2</mx:controlfield><mx:controlfield tag="008">961002n| acannaab|          |a aaa     c</mx:controlfield><mx:datafield ind1=" " ind2=" " tag="010"><mx:subfield code="a">nr 96035470 </mx:subfield></mx:datafield><mx:datafield ind1=" " ind2=" " tag="040"><mx:subfield code="a">UPB</mx:subfield><mx:subfield code="c">UPB</mx:subfield><mx:subfield code="d">NjP</mx:subfield></mx:datafield><mx:datafield ind1="0" ind2=" " tag="100"><mx:subfield code="a">Lycurgus,</mx:subfield><mx:subfield code="d">ca. 390-ca. 324 B.C.</mx:subfield></mx:datafield><mx:datafield ind1="0" ind2=" " tag="400"><mx:subfield code="a">Lykourgos,</mx:subfield><mx:subfield code="d">ca. 390-ca. 324 B.C</mx:subfield></mx:datafield><mx:datafield ind1="0" ind2=" " tag="400"><mx:subfield code="a">Lycurgus,</mx:subfield><mx:subfield code="c">orator,</mx:subfield><mx:subfield code="d">fl. 338-326 B.C.</mx:subfield><mx:subfield code="w">nnaa</mx:subfield></mx:datafield><mx:datafield ind1="0" ind2=" " tag="400"><mx:subfield code="a">Lycurgue,</mx:subfield><mx:subfield code="d">ca. 390-ca. 324 B.C.</mx:subfield></mx:datafield><mx:datafield ind1=" " ind2=" " tag="670"><mx:subfield code="a">Lycurgi Oratio in Leocratem, 1970</mx:subfield></mx:datafield><mx:datafield ind1=" " ind2=" " tag="670"><mx:subfield code="a">Oxford classical dictionary, 1970:</mx:subfield><mx:subfield code="b">p. 629 (Lycurgus (c. 390-c. 325/4 B.C.); Athenian statesman and orator; one of Plutarch's "ten orators")</mx:subfield></mx:datafield><mx:datafield ind1=" " ind2=" " tag="670"><mx:subfield code="a">LC in RLIN, Jan. 2, 1998</mx:subfield><mx:subfield code="b">(hdg.: Lycurgus, orator, fl. 338-326 B.C.)</mx:subfield></mx:datafield><mx:datafield ind1=" " ind2=" " tag="670"><mx:subfield code="a">L'orateur Lycurgue, 1890:</mx:subfield><mx:subfield code="b">p. 7 (Lykourgos [in Greek])</mx:subfield></mx:datafield><mx:datafield ind1=" " ind2=" " tag="999"><mx:subfield code="a">5266.5313</mx:subfield></mx:datafield></mx:record>